<?xml version="1.0" encoding="utf-8" ?>
<gnc-v2
     xmlns:gnc="http://www.gnucash.org/XML/gnc"
     xmlns:act="http://www.gnucash.org/XML/act"
     xmlns:book="http://www.gnucash.org/XML/book"
     xmlns:cd="http://www.gnucash.org/XML/cd"
     xmlns:cmdty="http://www.gnucash.org/XML/cmdty"
     xmlns:price="http://www.gnucash.org/XML/price"
     xmlns:slot="http://www.gnucash.org/XML/slot"
     xmlns:split="http://www.gnucash.org/XML/split"
     xmlns:sx="http://www.gnucash.org/XML/sx"
     xmlns:trn="http://www.gnucash.org/XML/trn"
     xmlns:ts="http://www.gnucash.org/XML/ts"
     xmlns:fs="http://www.gnucash.org/XML/fs"
     xmlns:bgt="http://www.gnucash.org/XML/bgt"
     xmlns:recurrence="http://www.gnucash.org/XML/recurrence"
     xmlns:lot="http://www.gnucash.org/XML/lot"
     xmlns:addr="http://www.gnucash.org/XML/addr"
     xmlns:billterm="http://www.gnucash.org/XML/billterm"
     xmlns:bt-days="http://www.gnucash.org/XML/bt-days"
     xmlns:bt-prox="http://www.gnucash.org/XML/bt-prox"
     xmlns:cust="http://www.gnucash.org/XML/cust"
     xmlns:employee="http://www.gnucash.org/XML/employee"
     xmlns:entry="http://www.gnucash.org/XML/entry"
     xmlns:invoice="http://www.gnucash.org/XML/invoice"
     xmlns:job="http://www.gnucash.org/XML/job"
     xmlns:order="http://www.gnucash.org/XML/order"
     xmlns:owner="http://www.gnucash.org/XML/owner"
     xmlns:taxtable="http://www.gnucash.org/XML/taxtable"
     xmlns:tte="http://www.gnucash.org/XML/tte"
     xmlns:vendor="http://www.gnucash.org/XML/vendor">
<gnc:count-data cd:type="book">1</gnc:count-data>
<gnc:book version="2.0.0">
<book:id type="guid">e00a43648a594d43ad341a4986e08bdb</book:id>
<book:slots>
  <slot>
    <slot:key>counter_formats</slot:key>
    <slot:value type="frame"/>
  </slot>
  <slot>
    <slot:key>features</slot:key>
    <slot:value type="frame">
      <slot>
        <slot:key>ISO-8601 formatted date strings in SQLite3 databases.</slot:key>
        <slot:value type="string">Use ISO formatted date-time strings in SQLite3 databases (requires at least GnuCash 2.6.20)</slot:value>
      </slot>
      <slot>
        <slot:key>Register sort and filter settings stored in .gcm file</slot:key>
        <slot:value type="string">Store the register sort and filter settings in .gcm metadata file (requires at least GnuCash 3.3)</slot:value>
      </slot>
    </slot:value>
  </slot>
  <slot>
    <slot:key>remove-color-not-set-slots</slot:key>
    <slot:value type="string">true</slot:value>
  </slot>
</book:slots>
<gnc:count-data cd:type="commodity">2</gnc:count-data>
<gnc:count-data cd:type="account">30</gnc:count-data>
<gnc:count-data cd:type="transaction">3</gnc:count-data>
<gnc:commodity version="2.0.0">
  <cmdty:space>CURRENCY</cmdty:space>
  <cmdty:id>INR</cmdty:id>
  <cmdty:get_quotes/>
  <cmdty:quote_source>currency</cmdty:quote_source>
  <cmdty:quote_tz/>
</gnc:commodity>
<gnc:commodity version="2.0.0">
  <cmdty:space>Tech</cmdty:space>
  <cmdty:id>TST</cmdty:id>
  <cmdty:name>TEST</cmdty:name>
  <cmdty:xcode>0123456789</cmdty:xcode>
  <cmdty:fraction>10000</cmdty:fraction>
  <cmdty:slots>
    <slot>
      <slot:key>user_symbol</slot:key>
      <slot:value type="string">TT</slot:value>
    </slot>
  </cmdty:slots>
</gnc:commodity>
<gnc:commodity version="2.0.0">
  <cmdty:space>template</cmdty:space>
  <cmdty:id>template</cmdty:id>
  <cmdty:name>template</cmdty:name>
  <cmdty:xcode>template</cmdty:xcode>
  <cmdty:fraction>1</cmdty:fraction>
</gnc:commodity>
<gnc:account version="2.0.0">
  <act:name>Root Account</act:name>
  <act:id type="guid">750ef2981acb424984f2f628a7f92020</act:id>
  <act:type>ROOT</act:type>
  <act:commodity>
    <cmdty:space>CURRENCY</cmdty:space>
    <cmdty:id>INR</cmdty:id>
  </act:commodity>
  <act:commodity-scu>100</act:commodity-scu>
</gnc:account>
<gnc:account version="2.0.0">
  <act:name>Assets</act:name>
  <act:id type="guid">41f6ca3c008346b09103a61a43b80b4f</act:id>
  <act:type>ASSET</act:type>
  <act:commodity>
    <cmdty:space>CURRENCY</cmdty:space>
    <cmdty:id>INR</cmdty:id>
  </act:commodity>
  <act:commodity-scu>100</act:commodity-scu>
  <act:description>Assets</act:description>
  <act:slots>
    <slot>
      <slot:key>placeholder</slot:key>
      <slot:value type="string">true</slot:value>
    </slot>
  </act:slots>
  <act:parent type="guid">750ef2981acb424984f2f628a7f92020</act:parent>
</gnc:account>
<gnc:account version="2.0.0">
  <act:name>Current Assets</act:name>
  <act:id type="guid">5db4e739146d4dc7862405ad9d74c7bb</act:id>
  <act:type>ASSET</act:type>
  <act:commodity>
    <cmdty:space>CURRENCY</cmdty:space>
    <cmdty:id>INR</cmdty:id>
  </act:commodity>
  <act:commodity-scu>100</act:commodity-scu>
  <act:description>Current Assets</act:description>
  <act:slots>
    <slot>
      <slot:key>placeholder</slot:key>
      <slot:value type="string">true</slot:value>
    </slot>
  </act:slots>
  <act:parent type="guid">41f6ca3c008346b09103a61a43b80b4f</act:parent>
</gnc:account>
<gnc:account version="2.0.0">
  <act:name>Savings Account</act:name>
  <act:id type="guid">68c7fbd99ea842d9a820f7f805914b38</act:id>
  <act:type>BANK</act:type>
  <act:commodity>
    <cmdty:space>CURRENCY</cmdty:space>
    <cmdty:id>INR</cmdty:id>
  </act:commodity>
  <act:commodity-scu>100</act:commodity-scu>
  <act:description>Savings Account</act:description>
  <act:parent type="guid">5db4e739146d4dc7862405ad9d74c7bb</act:parent>
</gnc:account>
<gnc:account version="2.0.0">
  <act:name>Cash</act:name>
  <act:id type="guid">57c9950bc86846baa51d39493917f226</act:id>
  <act:type>CASH</act:type>
  <act:commodity>
    <cmdty:space>CURRENCY</cmdty:space>
    <cmdty:id>INR</cmdty:id>
  </act:commodity>
  <act:commodity-scu>100</act:commodity-scu>
  <act:description>Cash</act:description>
  <act:parent type="guid">5db4e739146d4dc7862405ad9d74c7bb</act:parent>
</gnc:account>
<gnc:account version="2.0.0">
  <act:name>Fixed Assets</act:name>
  <act:id type="guid">b8b7a95728c84a77aaea3b7a84587307</act:id>
  <act:type>ASSET</act:type>
  <act:commodity>
    <cmdty:space>CURRENCY</cmdty:space>
    <cmdty:id>INR</cmdty:id>
  </act:commodity>
  <act:commodity-scu>100</act:commodity-scu>
  <act:description>Fixed Assets</act:description>
  <act:slots>
    <slot>
      <slot:key>placeholder</slot:key>
      <slot:value type="string">true</slot:value>
    </slot>
  </act:slots>
  <act:parent type="guid">41f6ca3c008346b09103a61a43b80b4f</act:parent>
</gnc:account>
<gnc:account version="2.0.0">
  <act:name>Loans</act:name>
  <act:id type="guid">c0f483649549439bb243eef757c3a5c9</act:id>
  <act:type>ASSET</act:type>
  <act:commodity>
    <cmdty:space>CURRENCY</cmdty:space>
    <cmdty:id>INR</cmdty:id>
  </act:commodity>
  <act:commodity-scu>100</act:commodity-scu>
  <act:parent type="guid">41f6ca3c008346b09103a61a43b80b4f</act:parent>
</gnc:account>
<gnc:account version="2.0.0">
  <act:name>Income</act:name>
  <act:id type="guid">5f83c6b9df55428bb702c1ce1023c67f</act:id>
  <act:type>INCOME</act:type>
  <act:commodity>
    <cmdty:space>CURRENCY</cmdty:space>
    <cmdty:id>INR</cmdty:id>
  </act:commodity>
  <act:commodity-scu>100</act:commodity-scu>
  <act:description>Income</act:description>
  <act:slots>
    <slot>
      <slot:key>placeholder</slot:key>
      <slot:value type="string">true</slot:value>
    </slot>
  </act:slots>
  <act:parent type="guid">750ef2981acb424984f2f628a7f92020</act:parent>
</gnc:account>
<gnc:account version="2.0.0">
  <act:name>Interest Income</act:name>
  <act:id type="guid">45418aaf733241bd892b0b96ea54d9c3</act:id>
  <act:type>INCOME</act:type>
  <act:commodity>
    <cmdty:space>CURRENCY</cmdty:space>
    <cmdty:id>INR</cmdty:id>
  </act:commodity>
  <act:commodity-scu>100</act:commodity-scu>
  <act:slots>
    <slot>
      <slot:key>placeholder</slot:key>
      <slot:value type="string">true</slot:value>
    </slot>
  </act:slots>
  <act:parent type="guid">5f83c6b9df55428bb702c1ce1023c67f</act:parent>
</gnc:account>
<gnc:account version="2.0.0">
  <act:name>Other Interest</act:name>
  <act:id type="guid">f6269bb46a784743bb7ae9f866e037d5</act:id>
  <act:type>INCOME</act:type>
  <act:commodity>
    <cmdty:space>CURRENCY</cmdty:space>
    <cmdty:id>INR</cmdty:id>
  </act:commodity>
  <act:commodity-scu>100</act:commodity-scu>
  <act:description>Other Interest</act:description>
  <act:parent type="guid">45418aaf733241bd892b0b96ea54d9c3</act:parent>
</gnc:account>
<gnc:account version="2.0.0">
  <act:name>Bank Interest</act:name>
  <act:id type="guid">eadd73fefdcf405da2586ad4fa7e78cb</act:id>
  <act:type>INCOME</act:type>
  <act:commodity>
    <cmdty:space>CURRENCY</cmdty:space>
    <cmdty:id>INR</cmdty:id>
  </act:commodity>
  <act:commodity-scu>100</act:commodity-scu>
  <act:description>Bank Interest</act:description>
  <act:parent type="guid">45418aaf733241bd892b0b96ea54d9c3</act:parent>
</gnc:account>
<gnc:account version="2.0.0">
  <act:name>FD Interest</act:name>
  <act:id type="guid">213caa3f6861420cb7e8f22cea59b0ed</act:id>
  <act:type>INCOME</act:type>
  <act:commodity>
    <cmdty:space>CURRENCY</cmdty:space>
    <cmdty:id>INR</cmdty:id>
  </act:commodity>
  <act:commodity-scu>100</act:commodity-scu>
  <act:description>FD Interest</act:description>
  <act:parent type="guid">45418aaf733241bd892b0b96ea54d9c3</act:parent>
</gnc:account>
<gnc:account version="2.0.0">
  <act:name>Other Income</act:name>
  <act:id type="guid">ea6bdc9d66124ab6b3650551c9edf664</act:id>
  <act:type>INCOME</act:type>
  <act:commodity>
    <cmdty:space>CURRENCY</cmdty:space>
    <cmdty:id>INR</cmdty:id>
  </act:commodity>
  <act:commodity-scu>100</act:commodity-scu>
  <act:description>Other Income</act:description>
  <act:parent type="guid">5f83c6b9df55428bb702c1ce1023c67f</act:parent>
</gnc:account>
<gnc:account version="2.0.0">
  <act:name>Expenses</act:name>
  <act:id type="guid">8b7a6d12d58b44f7953789750f13501b</act:id>
  <act:type>EXPENSE</act:type>
  <act:commodity>
    <cmdty:space>CURRENCY</cmdty:space>
    <cmdty:id>INR</cmdty:id>
  </act:commodity>
  <act:commodity-scu>100</act:commodity-scu>
  <act:description>Expenses</act:description>
  <act:slots>
    <slot>
      <slot:key>placeholder</slot:key>
      <slot:value type="string">true</slot:value>
    </slot>
  </act:slots>
  <act:parent type="guid">750ef2981acb424984f2f628a7f92020</act:parent>
</gnc:account>
<gnc:account version="2.0.0">
  <act:name>Donation</act:name>
  <act:id type="guid">96a0f492c4c743f2ad5fb379177b948d</act:id>
  <act:type>EXPENSE</act:type>
  <act:commodity>
    <cmdty:space>CURRENCY</cmdty:space>
    <cmdty:id>INR</cmdty:id>
  </act:commodity>
  <act:commodity-scu>100</act:commodity-scu>
  <act:description>Donation</act:description>
  <act:parent type="guid">8b7a6d12d58b44f7953789750f13501b</act:parent>
</gnc:account>
<gnc:account version="2.0.0">
  <act:name>Gifts</act:name>
  <act:id type="guid">b4ade30cb5a74a50a38cdf54725b0070</act:id>
  <act:type>EXPENSE</act:type>
  <act:commodity>
    <cmdty:space>CURRENCY</cmdty:space>
    <cmdty:id>INR</cmdty:id>
  </act:commodity>
  <act:commodity-scu>100</act:commodity-scu>
  <act:description>Gifts</act:description>
  <act:parent type="guid">8b7a6d12d58b44f7953789750f13501b</act:parent>
</gnc:account>
<gnc:account version="2.0.0">
  <act:name>Medical Expenses</act:name>
  <act:id type="guid">2920eb2466284a21add9c396ef7a3b9b</act:id>
  <act:type>EXPENSE</act:type>
  <act:commodity>
    <cmdty:space>CURRENCY</cmdty:space>
    <cmdty:id>INR</cmdty:id>
  </act:commodity>
  <act:commodity-scu>100</act:commodity-scu>
  <act:description>Medical Expenses</act:description>
  <act:parent type="guid">8b7a6d12d58b44f7953789750f13501b</act:parent>
</gnc:account>
<gnc:account version="2.0.0">
  <act:name>Miscellaneous</act:name>
  <act:id type="guid">a51160ba51e44c4eae7e331d1cc53deb</act:id>
  <act:type>EXPENSE</act:type>
  <act:commodity>
    <cmdty:space>CURRENCY</cmdty:space>
    <cmdty:id>INR</cmdty:id>
  </act:commodity>
  <act:commodity-scu>100</act:commodity-scu>
  <act:description>Miscellaneous</act:description>
  <act:parent type="guid">8b7a6d12d58b44f7953789750f13501b</act:parent>
</gnc:account>
<gnc:account version="2.0.0">
  <act:name>Salary</act:name>
  <act:id type="guid">e4e787dc603a417f84d691e8d286aca5</act:id>
  <act:type>EXPENSE</act:type>
  <act:commodity>
    <cmdty:space>CURRENCY</cmdty:space>
    <cmdty:id>INR</cmdty:id>
  </act:commodity>
  <act:commodity-scu>100</act:commodity-scu>
  <act:parent type="guid">8b7a6d12d58b44f7953789750f13501b</act:parent>
</gnc:account>
<gnc:account version="2.0.0">
  <act:name>Liabilities</act:name>
  <act:id type="guid">3dbaf50179164f7da3df7885c5357fad</act:id>
  <act:type>LIABILITY</act:type>
  <act:commodity>
    <cmdty:space>CURRENCY</cmdty:space>
    <cmdty:id>INR</cmdty:id>
  </act:commodity>
  <act:commodity-scu>100</act:commodity-scu>
  <act:description>Liabilities</act:description>
  <act:slots>
    <slot>
      <slot:key>placeholder</slot:key>
      <slot:value type="string">true</slot:value>
    </slot>
  </act:slots>
  <act:parent type="guid">750ef2981acb424984f2f628a7f92020</act:parent>
</gnc:account>
<gnc:account version="2.0.0">
  <act:name>Equity</act:name>
  <act:id type="guid">452d3bf0ec624df3958f9a6a98ea1da4</act:id>
  <act:type>EQUITY</act:type>
  <act:commodity>
    <cmdty:space>CURRENCY</cmdty:space>
    <cmdty:id>INR</cmdty:id>
  </act:commodity>
  <act:commodity-scu>100</act:commodity-scu>
  <act:description>Equity</act:description>
  <act:slots>
    <slot>
      <slot:key>placeholder</slot:key>
      <slot:value type="string">true</slot:value>
    </slot>
  </act:slots>
  <act:parent type="guid">750ef2981acb424984f2f628a7f92020</act:parent>
</gnc:account>
<gnc:account version="2.0.0">
  <act:name>Opening Balances</act:name>
  <act:id type="guid">665ec8ed703446ec83d1d3d8aeb93d44</act:id>
  <act:type>EQUITY</act:type>
  <act:commodity>
    <cmdty:space>CURRENCY</cmdty:space>
    <cmdty:id>INR</cmdty:id>
  </act:commodity>
  <act:commodity-scu>100</act:commodity-scu>
  <act:description>Opening Balances</act:description>
  <act:slots>
    <slot>
      <slot:key>equity-type</slot:key>
      <slot:value type="string">opening-balance</slot:value>
    </slot>
  </act:slots>
  <act:parent type="guid">452d3bf0ec624df3958f9a6a98ea1da4</act:parent>
</gnc:account>
<gnc:account version="2.0.0">
  <act:name>CASH_TEST</act:name>
  <act:id type="guid">fc4aa9233e404f9fa5ba3f7fa3b094aa</act:id>
  <act:type>CASH</act:type>
  <act:commodity>
    <cmdty:space>CURRENCY</cmdty:space>
    <cmdty:id>INR</cmdty:id>
  </act:commodity>
  <act:commodity-scu>100</act:commodity-scu>
  <act:parent type="guid">750ef2981acb424984f2f628a7f92020</act:parent>
</gnc:account>
<gnc:account version="2.0.0">
  <act:name>STOCK_TEST</act:name>
  <act:id type="guid">ad117e34774248188bdcdbee8c70e025</act:id>
  <act:type>STOCK</act:type>
  <act:commodity>
    <cmdty:space>Tech</cmdty:space>
    <cmdty:id>TST</cmdty:id>
  </act:commodity>
  <act:commodity-scu>100</act:commodity-scu>
  <act:non-standard-scu/>
  <act:parent type="guid">750ef2981acb424984f2f628a7f92020</act:parent>
</gnc:account>
<gnc:account version="2.0.0">
  <act:name>RECEIVABLE_TEST</act:name>
  <act:id type="guid">0be9100bc8c84c9597b81614a7b86a2b</act:id>
  <act:type>RECEIVABLE</act:type>
  <act:commodity>
    <cmdty:space>CURRENCY</cmdty:space>
    <cmdty:id>INR</cmdty:id>
  </act:commodity>
  <act:commodity-scu>100</act:commodity-scu>
  <act:parent type="guid">750ef2981acb424984f2f628a7f92020</act:parent>
</gnc:account>
<gnc:account version="2.0.0">
  <act:name>PAYABLE_TEST</act:name>
  <act:id type="guid">526217bf60c84c14a5862ec48d8a7f77</act:id>
  <act:type>PAYABLE</act:type>
  <act:commodity>
    <cmdty:space>CURRENCY</cmdty:space>
    <cmdty:id>INR</cmdty:id>
  </act:commodity>
  <act:commodity-scu>100</act:commodity-scu>
  <act:parent type="guid">750ef2981acb424984f2f628a7f92020</act:parent>
</gnc:account>
<gnc:account version="2.0.0">
  <act:name>MUTUAL_TEST</act:name>
  <act:id type="guid">bfc0057146cf44d8bc3e855fbb17a7dc</act:id>
  <act:type>MUTUAL</act:type>
  <act:commodity>
    <cmdty:space>Tech</cmdty:space>
    <cmdty:id>TST</cmdty:id>
  </act:commodity>
  <act:commodity-scu>10000</act:commodity-scu>
  <act:parent type="guid">750ef2981acb424984f2f628a7f92020</act:parent>
</gnc:account>
<gnc:account version="2.0.0">
  <act:name>CREDIT_TEST</act:name>
  <act:id type="guid">80ff223b1e5d43a6aa2d8488b4346b3b</act:id>
  <act:type>CREDIT</act:type>
  <act:commodity>
    <cmdty:space>CURRENCY</cmdty:space>
    <cmdty:id>INR</cmdty:id>
  </act:commodity>
  <act:commodity-scu>100</act:commodity-scu>
  <act:parent type="guid">750ef2981acb424984f2f628a7f92020</act:parent>
</gnc:account>
<gnc:account version="2.0.0">
  <act:name>TRADING_TEST</act:name>
  <act:id type="guid">6b2aa43817c24798a12b820e764e030a</act:id>
  <act:type>TRADING</act:type>
  <act:commodity>
    <cmdty:space>CURRENCY</cmdty:space>
    <cmdty:id>INR</cmdty:id>
  </act:commodity>
  <act:commodity-scu>100</act:commodity-scu>
  <act:parent type="guid">750ef2981acb424984f2f628a7f92020</act:parent>
</gnc:account>
<gnc:account version="2.0.0">
  <act:name>Imbalance-INR</act:name>
  <act:id type="guid">6489c163247f4fe4aca66fe6ee84e556</act:id>
  <act:type>BANK</act:type>
  <act:commodity>
    <cmdty:space>CURRENCY</cmdty:space>
    <cmdty:id>INR</cmdty:id>
  </act:commodity>
  <act:commodity-scu>100</act:commodity-scu>
  <act:parent type="guid">750ef2981acb424984f2f628a7f92020</act:parent>
</gnc:account>
<gnc:transaction version="2.0.0">
  <trn:id type="guid">909d978a853a40559bb216d9858e8599</trn:id>
  <trn:currency>
    <cmdty:space>CURRENCY</cmdty:space>
    <cmdty:id>INR</cmdty:id>
  </trn:currency>
  <trn:date-posted>
    <ts:date>2022-05-15 10:59:00 +0000</ts:date>
  </trn:date-posted>
  <trn:date-entered>
    <ts:date>2022-05-15 15:43:58 +0000</ts:date>
  </trn:date-entered>
  <trn:description>Salary</trn:description>
  <trn:slots>
    <slot>
      <slot:key>date-posted</slot:key>
      <slot:value type="gdate">
        <gdate>2022-05-15</gdate>
      </slot:value>
    </slot>
  </trn:slots>
  <trn:splits>
    <trn:split>
      <split:id type="guid">d0fa88bc4c3d483bac3f092723455fc0</split:id>
      <split:reconciled-state>n</split:reconciled-state>
      <split:value>5000000/100</split:value>
      <split:quantity>5000000/100</split:quantity>
      <split:account type="guid">68c7fbd99ea842d9a820f7f805914b38</split:account>
    </trn:split>
    <trn:split>
      <split:id type="guid">6aa3245381fa4cf593bca8a3d455fbd8</split:id>
      <split:reconciled-state>n</split:reconciled-state>
      <split:value>-5000000/100</split:value>
      <split:quantity>-5000000/100</split:quantity>
      <split:account type="guid">ea6bdc9d66124ab6b3650551c9edf664</split:account>
    </trn:split>
  </trn:splits>
</gnc:transaction>
<gnc:transaction version="2.0.0">
  <trn:id type="guid">78b7223631b544c6949df8dcf2795ce2</trn:id>
  <trn:currency>
    <cmdty:space>CURRENCY</cmdty:space>
    <cmdty:id>INR</cmdty:id>
  </trn:currency>
  <trn:date-posted>
    <ts:date>2021-05-01 10:59:00 +0000</ts:date>
  </trn:date-posted>
  <trn:date-entered>
    <ts:date>2022-05-15 15:43:22 +0000</ts:date>
  </trn:date-entered>
  <trn:description>Gift</trn:description>
  <trn:slots>
    <slot>
      <slot:key>date-posted</slot:key>
      <slot:value type="gdate">
        <gdate>2021-05-01</gdate>
      </slot:value>
    </slot>
  </trn:slots>
  <trn:splits>
    <trn:split>
      <split:id type="guid">b4a1ee4e88f74544a5dd73ac25079f5f</split:id>
      <split:reconciled-state>n</split:reconciled-state>
      <split:value>1000000/100</split:value>
      <split:quantity>1000000/100</split:quantity>
      <split:account type="guid">57c9950bc86846baa51d39493917f226</split:account>
    </trn:split>
    <trn:split>
      <split:id type="guid">69b868c385474da18e80cb9ed530358d</split:id>
      <split:reconciled-state>n</split:reconciled-state>
      <split:value>-1000000/100</split:value>
      <split:quantity>-1000000/100</split:quantity>
      <split:account type="guid">ea6bdc9d66124ab6b3650551c9edf664</split:account>
    </trn:split>
  </trn:splits>
</gnc:transaction>
<gnc:transaction version="2.0.0">
  <trn:id type="guid">6d52a69b49ae40a8be5a9c71d7426621</trn:id>
  <trn:currency>
    <cmdty:space>CURRENCY</cmdty:space>
    <cmdty:id>INR</cmdty:id>
  </trn:currency>
  <trn:date-posted>
    <ts:date>2022-04-28 10:59:00 +0000</ts:date>
  </trn:date-posted>
  <trn:date-entered>
    <ts:date>2022-04-28 10:23:44 +0000</ts:date>
  </trn:date-entered>
  <trn:description>Test Transaction</trn:description>
  <trn:slots>
    <slot>
      <slot:key>date-posted</slot:key>
      <slot:value type="gdate">
        <gdate>2022-04-28</gdate>
      </slot:value>
    </slot>
  </trn:slots>
  <trn:splits>
    <trn:split>
      <split:id type="guid">57ce397a45ab400393d9133b1cb129b8</split:id>
      <split:reconciled-state>n</split:reconciled-state>
      <split:value>10000/100</split:value>
      <split:quantity>10000/100</split:quantity>
      <split:account type="guid">2920eb2466284a21add9c396ef7a3b9b</split:account>
    </trn:split>
    <trn:split>
      <split:id type="guid">6b190b4e5c7b4bb0b60be2c563660f52</split:id>
      <split:reconciled-state>n</split:reconciled-state>
      <split:value>-10000/100</split:value>
      <split:quantity>-10000/100</split:quantity>
      <split:account type="guid">57c9950bc86846baa51d39493917f226</split:account>
    </trn:split>
  </trn:splits>
</gnc:transaction>
</gnc:book>
</gnc-v2>

